% anexos
@article{kovar88,
  title={Bootstrap and other methods to measure errors in survey estimates},
  author={Kovar, JG and Rao, JNK and Wu, CFJ},
  journal={Canadian Journal of Statistics},
  volume={16},
  number={S1},
  pages={25--45},
  year={1988},
  publisher={Wiley Online Library}
}

@article{rao88,
  title={Resampling inference with complex survey data},
  author={Rao, Jon NK and Wu, CFJ},
  journal={Journal of the american statistical association},
  volume={83},
  number={401},
  pages={231--241},
  year={1988},
  publisher={Taylor \& Francis Group}
}
